<?xml version="1.0" encoding="UTF-8"?><record xmlns="http://www.loc.gov/MARC21/slim" xmlns:cinclude="http://apache.org/cocoon/include/1.0" xmlns:zs="http://www.loc.gov/zing/srw/">
  <leader>00326nz  a2200121n  4500</leader>
  <controlfield tag="001">n 2006000837</controlfield>
  <controlfield tag="003">DLC</controlfield>
  <controlfield tag="005">20060105132238.0</controlfield>
  <controlfield tag="008">060105n| acannaabn          |n aaa      </controlfield>
  <datafield tag="010" ind1=" " ind2=" ">
    <subfield code="a">n 2006000837</subfield>
  </datafield>
  <datafield tag="040" ind1=" " ind2=" ">
    <subfield code="a">DLC</subfield>
    <subfield code="b">eng</subfield>
    <subfield code="c">DLC</subfield>
  </datafield>
  <datafield tag="100" ind1="1" ind2=" ">
    <subfield code="a">Urroz Kanan, Eloy,</subfield>
    <subfield code="d">1967-</subfield>
    <subfield code="t">ReĚmoras.</subfield>
    <subfield code="l">English</subfield>
  </datafield>
  <datafield tag="670" ind1=" " ind2=" ">
    <subfield code="a">Urroz Kanan, Eloy. The obstacles, 2006</subfield>
  </datafield>
</record>